@article{xia2013logistic,
  title={A logistic normal multinomial regression model for microbiome compositional data analysis},
  author={Xia, Fan and Chen, Jun and Fung, Wing Kam and Li, Hongzhe},
  journal={Biometrics},
  volume={69},
  number={4},
  pages={1053--1063},
  year={2013},
  publisher={Wiley Online Library}
}

@book{aitchison1986statistical,
  title={The statistical analysis of compositional data},
  author={Aitchison, John},
  year={1986},
  publisher={Chapman and Hall London}
}

@article{billheimer2001statistical,
  title={Statistical interpretation of species composition},
  author={Billheimer, Dean and Guttorp, Peter and Fagan, William F},
  journal={Journal of the {A}merican {S}tatistical {A}ssociation},
  volume={96},
  number={456},
  pages={1205--1214},
  year={2001},
  publisher={Taylor \& Francis}
}